@MISC { www:fifa_official,
	author = "FIFA",
	title = "{F}\'ed\'eration {I}nternationale de {F}ootball {A}ssociation",
	howpublished = {\url{http://www.fifa.com}}
}

@MANUAL { www:fifa_book_spec,
	author = "FIFA",
	title = "{F}ootball {S}tadium",
	edition = "5th",
	year = "2011",
	note = {\url{http://resources.fifa.com/mm/document/tournament/competition/01/37/17/76/stadiumbook2010_buch.pdf}}
}

@MANUAL { www:fifa_light_spec,
	author = "FIFA",
	title = "{G}uide to {T}he {A}rtificial {L}ighting {F}ootbal {P}itches",
	edition = "5th",
	year = "2011",
	chapter = "9",
	note = {\url{http://resources.fifa.com/mm/document/tournament/competition/51/54/11/stadium_tech_rec_req_guide_to_lighting_en_7306.pdf}}
}

@MISC { www:the_fa_official,
	author = "The$\:$FA",
	title = "{T}he {F}ootball {A}ssociation",
	howpublished = {\url{http://www.thefa.com}}
}

@MANUAL { www:the_fa_guide,
	author = "The$\:$FA",
	title = "{G}uide to {I}ndoor and {O}utdoor {A}reas for {S}mall {S}ided {F}ootbal, {M}ini-{S}occer and {F}utsal",
	year = "2005",
	month = "April",
	note = {\url{http://thefa.com/~/media/files/pdf/get into football/facilities/fa outdoor guidance notes 2010-09-12.ashx?la=en}}
}

@MISC { www:luminaires_saler,
	author = "AMP",
	title = "{AMP} - {A}gent {M}anufacturier {I}nc.",
	howpublished = {\url{http://www.ampquebec.ca}}
}

@MANUAL { www:led_photometric,
	author = "Acuity$\:$Brands",
	title = "{P}hotometric - {IBH} 30000{LM} {SD}080 {MD} {MVOLT} {GZ}10 40{K} 70{CRI}",
	year = "2015",
	note = {\url{http://www.visual-3d.com/tools/photometricViewer/default.aspx?id=71596}},
}

@MANUAL { www:led_spec,
	author = "Lithonia$\:$Lighting",
	title = "{L}ithonia {L}ighting - {IBH} {F}eatures \& {S}pecifications",
	year = "2015",
	note = {\url{http://www.acuitybrandslighting.com/library/ll/documents/specsheets/ibh.pdf}},
}

@MANUAL { www:led_ballast,
	author = "Philips",
	title = "{P}hilips {A}dvance {E}lectrical {S}pecifications - LEDINTA0700C210DO",
	year = "2012",
	note = {\url{http://www.usa.lighting.philips.com/connect/tools_literature/led_drivers/downloads/150W_0.70A_210V_0-10V_INT_LEDINTA0700C210DO.pdf}}
}

@MANUAL { www:fluo_photometric,
	author = "Acuity$\:$Brands",
	title = "{P}hotometric - {FGB}24 6 54{T5HO} {N1D}20",
	year = "2015",
	note = {\url{http://www.visual-3d.com/tools/photometricViewer/default.aspx?id=18590}},
}

@MANUAL { www:fluo_lumin_spec,
	author = "Lithonia$\:$Lighting",
	title = "{L}ithonia {L}ighting - {FGB} {F}eatures \& {S}pecifications",
	year = "2014",
	note = {\url{http://www.acuitybrandslighting.com/library/ll/documents/specsheets/fgb-t5ho.pdf}}
}

@MISC { www:fluo_lamp_spec,
	author = "Philips",
	title = "54W/835 Min Bipin T5 HO ALTO UNP",
	note = {\url{http://www.ecat.lighting.philips.ca/l/en/professional-lamps/fluorescent-lamps-and-starters/t5/t5-high-output/927993183522_na/}}
}

@MANUAL { www:fluo_ballast,
	author = "Philips",
	title = "{A}dvance {T}ransformer co. {E}lectrical {S}pecifications - ICN-2S54-90C-T@120",
	year = "2013",
	note = {\url{http://www.usa.lighting.philips.com/pwc_li/us_en/connect/assets/additional-literature/t5ho/ICN-2S54-90C-T.pdf}}
}

@MISC { www:fluo_lamp_saler,
	author = "adlsupply.com",
	title = "Philips 290288 F54T5/835/HO/ALTO",
	howpublished = {\url{http://www.adlsupply.com/fluorescent-bulbs/fluorescent-t5-bulbs/philips-fluorescent-t5/philips-290288-f54t5-835-ho-alto/}}
}

@MANUAL { www:mh_hps_ballast,
	author = "Philips",
	title = "{P}hilips {A}dvance - {H}igh {I}ntensity {D}ischarge {B}allast",
	year = "2013",
	note = {\url{http://www.usa.lighting.philips.com/pwc_li/us_en/connect/advance/assets/5-01_to_5-61_Atlas2012.pdf}},
}

@MANUAL { www:mh_photometric,
	author = "Acuity$\:$Brands",
	title = "{P}hotometric - {TH} 400{M} {PA}22 {SCWA} ({LEG} = 8, {SC} = 1.3)",
	year = "2015",
	note = {\url{http://www.visual-3d.com/tools/photometricViewer/default.aspx?id=18757}},
}

@MANUAL { www:mh_hps_lumin_spec,
	author = "Lithonia$\:$Lighting",
	title = "{L}ithonia {L}ighting - {TH} {PA}22 {F}eatures \& {S}pecifications",
	year = "2014",
	note = {\url{http://www.acuitybrandslighting.com/library/ll/documents/specsheets/th-pa22.pdf}}
}

@MANUAL { www:mh_lamp_spec,
	author = "Sylvania",
	title = "{S}tandard {M}etalarc - {M}400/U",
	year = "2002",
	note = {\url{https://ontario.nedco.ca/medias/sys_master/canada/8816811507742.pdf?mime=application\%2Fpdf\&realname=14_en.pdf}}
}

@MISC { www:mh_lamp_saler,
	author = "Nedco.ca",
	title = "{N}edco M400/U/ED37",
	howpublished = {\url{https://ontario.nedco.ca/metal-halide-lamps/sylvania-osram/m400-u-64490/m400-u-ed37/product/SYEM400U}}
}

@MANUAL { www:hps_photometric,
	author = "Acuity$\:$Brands",
	title = "{P}hotometric - {TH} 400{M} {PA}22 ({LEG} = 8, {SC} = 1.4)",
	year = "2015",
	note = {\url{http://www.visual-3d.com/tools/photometricViewer/default.aspx?id=18752}},
}

@MANUAL{ www:hps_lamp_spec,
	author = "Sylvania",
	title = "Product Information and Specification Guide",
	year = "2006",
	note = {\url{http://assets.sylvania.com/assets/Documents/HID_SPECGUIDE2.4754479c-fcce-49d0-8418-9f101f803d46.pdf}}
}

@MISC { www:hps_lamp_saler,
	author = "Stuart$\:$Connection",
	title = "{S}ylvania {L}umalux {H}igh {P}ressure {S}odium {HID} {E}39 400{W} 2100{K} {M}ogul {B}ulb {LU}400/{D} {BT}37",
	howpublished = {\sloppy\url{http://www.stuartconnections.com/en/electronics/7539-Sylvania-Lumalux-High-Pressure-Sodium-HID-E39-400W-2100K-Mogul-Bulb-LU400D-BT37.html}}
}



